@MastersThesis{Renner:2008:Diploma,
	author  = { C. Renner },
	type    = { Diploma Thesis },
	title   = {{ Energy-Efficient TDMA Schedules for Data-Gathering in Wireless Sensor Networks }},
	school  = { Hamburg University of Technology },
	address = { Hamburg, Germany },
	month   = jun,
	year    = { 2008 }
}

@Misc{NS2Manual,
	author = {K. Fall and K. Varadhan},
	title = {{The \emph{ns} Manual}},
	month = jan,
	year = {2008},
	howpublished = {http://www.isi.edu/nsnam/ns/ns-documentation.html},
	note = {Last visited: 05/06/2008}
}

@TechReport{ Howto_NS2RoutingProtocols,
	title = {{Implementing a New Manet Unicast Routing Protocol in NS2}},
	author = {F.~J. Ros and P.~M. Ruiz},
	institution = {Department of Information and Communications Engineering, University of Murcia, Spain},
	month = dec,
	year = {2004},
	url = {http://masimum.dif.um.es/nsrt-howto/pdf/nsrt-howto.pdf},
    note = {Last visited: 06/06/2008}
}

@inproceedings{ TWR:2008:EfficientSlotAssignment,
	title = {{Efficient Slot Assigment for the Many-to-One Routing Pattern in Sensor Networks}},
	author = {V. Turau and C. Weyer and C. Renner},
	booktitle = {Proceedings of the International Workshop on Sensor Network Engineering (IWSNE~'08)},
	month = jun,
	year = {2008},
	location = {Santorini Island, Greece}
}

@Article{ MAC_Survey,
	title = {{MAC Protocols for Wireless Sensor Networks: A Survey}},
	author = {I. Demirkol and C. Ersoy and F. Alagoz},
	journal = {IEEE Communications Magazine},
	volume = {44},
	number = {4},
	year = {2006}
}

@article{ AY:2006:ManetCredibility,
	author = {T.~R. Andel and A. Yasinac},
	title = {{On the Credibility of Manet Simulations}},
	journal = {IEEE Computer Magazine},
	volume = {39},
	number = {7},
	year = {2006},
	publisher = {IEEE Computer Society Press},
	address = {Los Alamitos, CA, USA}
}

