@MastersThesis{Renner:2008:Diploma,
	author  = { C. Renner },
	type    = { Diploma Thesis },
	title   = {{ Energy-Efficient TDMA Schedules for Data-Gathering in Wireless Sensor Networks }},
	school  = { Hamburg University of Technology },
	address = { Hamburg, Germany },
	month   = jun,
	year    = { 2008 }
}

@Misc{NS2Manual,
	author = {K. Fall and K. Varadhan},
	title = {{The \emph{ns} Manual}},
	month = jan,
	year = {2008},
	howpublished = {http://www.isi.edu/nsnam/ns/ns-documentation.html},
	note = {Last visited: 05/06/2008}
}

@TechReport{ Howto_NS2RoutingProtocols,
	title = {{Implementing a New Manet Unicast Routing Protocol in NS2}},
	author = {F.~J. Ros and P.~M. Ruiz},
	institution = {Department of Information and Communications Engineering, University of Murcia, Spain},
	month = dec,
	year = {2004},
	url = {http://masimum.dif.um.es/nsrt-howto/pdf/nsrt-howto.pdf},
    note = {Last visited: 06/06/2008}
}

@inproceedings{ TWR:2008:EfficientSlotAssignment,
	title = {{Efficient Slot Assigment for the Many-to-One Routing Pattern in Sensor Networks}},
	author = {V. Turau and C. Weyer and C. Renner},
	booktitle = {Proceedings of the International Workshop on Sensor Network Engineering (IWSNE~'08)},
	month = jun,
	year = {2008},
	location = {Santorini Island, Greece}
}

@Article{ MAC_Survey,
	title = {{MAC Protocols for Wireless Sensor Networks: A Survey}},
	author = {I. Demirkol and C. Ersoy and F. Alagoz},
	journal = {IEEE Communications Magazine},
	volume = {44},
	number = {4},
	year = {2006}
}

@article{ AY:2006:ManetCredibility,
	author = {T.~R. Andel and A. Yasinac},
	title = {{On the Credibility of Manet Simulations}},
	journal = {IEEE Computer Magazine},
	volume = {39},
	number = {7},
	year = {2006},
	publisher = {IEEE Computer Society Press},
	address = {Los Alamitos, CA, USA}
}
%My references

%TSN generals and standards INTRO
@inproceedings{rte:standards,
	author = {L. Winkel},
	year = {2006},
	month = {09},
	pages = {246 - 250},
	title = {Real-time Ethernet in IEC 61784-2 and IEC 61158 series},
	doi = {10.1109/INDIN.2006.275788}
	}

@ARTICLE{tsn_opc2019,
  author={D. Bruckner and M. Stănică and R. Blair and S. Schriegel and S. Kehrer and M. Seewald and T. Sauter},
  journal={Proceedings of the IEEE}, 
  title={An Introduction to OPC UA TSN for Industrial Communication Systems}, 
  year={2019},
  volume={107},
  number={6},
  pages={1121-1131},
  }

@INPROCEEDINGS{tsn_intro,
  author={S. Schriegel and T. Kobzan and J. Jasperneite},
  booktitle={2018 14th IEEE International Workshop on Factory Communication Systems (WFCS)}, 
  title={Investigation on a distributed SDN control plane architecture for heterogeneous time sensitive networks}, 
  year={2018},
  volume={},
  number={},
  pages={1-10},
  }

@Misc{iso8802_ethernet,
	author = {{ISO},{IEC},{IEEE}},
	title = {{8802-3:2017 Part 3: Standard for Ethernet}},
	month = march,
	year = {2017},
	howpublished = {https://www.iso.org/standard/72048.html},
	note = {Last visited: 11/09/2020}
	}

@Misc{fieldbus_shares,
	author = {T. {Carlsson}},
	title = {{Industrial network market shares 2020 according to HMS Networks}},
	month = may,
	year = {2020},
	howpublished = {https://www.anybus.com/about-us/news/2020/05/29/industrial-network-market-shares-2020-according-to-hms-networks},
	note = {Last visited: 11/09/2020}
	}

@inproceedings{fieldbus_history,
	title={The Fieldbus Standards: History and Structures},
	author={M. Felser},
	year={2002}
	}
@Misc{tsn_homepage,
	author = {IEEE},
	title = {{Time-Sensitive Networking (TSN) Task Group}},
	month = jan,
	year = {2020},
	howpublished = {https://1.ieee802.org/tsn/},
	note = {Last visited: 11/09/2020}
	}
@Misc{tsn_profile,
	author = {{IEEE} and {IEC}},
	title = {{IEC/IEEE 60802 TSN Profile for Industrial Automation}},
	month = jan,
	year = {2020},
	howpublished = {https://1.ieee802.org/tsn/iec-ieee-60802/},
	note = {Last visited: 11/09/2020}
	}

@Misc{opcua_standard,
	author = {{IEC}},
	title = {{OPC unified architecture - Part 14: PubSub}},
	month = jul,
	year = {2020},
	howpublished = {https://webstore.iec.ch/publication/61108},
	note = {Last visited: 11/09/2020}
	}

@INPROCEEDINGS{standards_coop,  
	author={B. C. {Johnson} and D. G. {Dunn} and R. {Hulett}},  
	booktitle={Record of Conference Papers. Industry Applications Society. Forty-Ninth Annual Conference. 2002 Petroleum and Chemical Industry Technical Conference},   
	title={A comparison of the IEEE and IEC standards processes},   
	year={2002},  
	volume={},  
	number={},  
	pages={1-12},
	}

@Misc{beckhoff_automation,
	author = {{Beckhoff Automation GmbH}},
	title = {{Urban Automation PC-based Control for Urban Environments}},
	month = apr,
	year = {2013},
	howpublished = {https://m.beckhoff.com/english/applicat/urban.htm},
	note = {Last visited: 16/09/2020}
	}

@Misc{beckhoff_vs_osadl,
	author = {Detlef {Borchers}},
	title = {{Open Source trifft die Industrie}},
	month = apr,
	year = {2008},
	howpublished = {https://www.heise.de/newsticker/meldung/Open-Source-trifft-die-Industrie-201855.html},
	note = {Last visited: 16/09/2020}
	}

@Misc{beckhoff_freebsd,
	author = {{Beckhoff Automation GmbH}},
	title = {{TwinCAT/BSD: operating system for Industrial PCs}},
	month = jun,
	year = {2020},
	howpublished = {https://www.beckhoff.com/english.asp?highlights/twincat-bsd/default.htm},
	note = {Last visited: 16/09/2020}
	}

@Misc{beckhoff_compatibility,
	author = {{Beckhoff Automation GmbH}},
	title = {{EtherCAT - the Ethernet Fieldbus}},
	month = jan,
	year = {2020},
	howpublished = {https://www.ethercat.org/en/technology.html},
	note = {Last visited: 16/09/2020}
	}

@Misc{beckhoff_datasheet,
	author = {{Beckhoff Automation GmbH}},
	title = {{EtherCAT Slave Controller: Technology}},
	month = feb,
	year = {2017},
	howpublished = {https://www.beckhoff.com/english/downloadfinder},
	note = {Last visited: 16/09/2020}
	}

@Misc{beckhoff_slavetutorial,
	author = {{Beckhoff Automation GmbH}},
	title = {{ETG.2200 V3.1.0}},
	month = nov,
	year = {2018},
	howpublished = {https://www.beckhoff.com/english/downloadfinder},
	note = {Last visited: 16/09/2020}
	}


%Protocols
@ARTICLE{future_iiot,  
	author={S. {Vitturi} and C. {Zunino} and T. {Sauter}},  
	journal={Proceedings of the IEEE},   
	title={Industrial Communication Systems and Their Future Challenges: Next-Generation Ethernet, IIoT, and 5G},   
	year={2019},  
	volume={107},  
	number={6},  
	pages={944-961},
	}

@Misc{sercos_origin,
	author = {DN Staff},
	title = {{SERCOS picks up the pace}},
	month = aug,
	year = {2000},
	howpublished = {https://www.designnews.com/sercos-picks-pace},
	note = {Last visited: 11/09/2020}
	}
@Misc{sercos_performance,
	author = {SERCOS Staff},
	title = {{SERCOS performance}},
	month = jan,
	year = {2020},
	howpublished = {https://www.sercos.org/technology/advantages-of-sercos/performance/},
	note = {Last visited: 11/09/2020}
	}
	
@Misc{open62541_homepage,
	author = {{OSADL}},
	title = {{Building an Open Source OPC UA/TSN Ecosystem}},
	month = jan,
	year = {2019},
	howpublished = {https://www.osadl.org/uploads/media/OSADL-OPC-UA-TSN-Open-Source-Ecosystem-LoI-2nd-edition-V6.pdf},
	note = {Last visited: 11/09/2020}
	}
@Misc{soesm_homepage,
	author = {{RT-LABS}},
	title = {{EtherCAT Software Stacks}},
	month = jan,
	year = {2020},
	howpublished = {https://rt-labs.com/products/ethercat/},
	note = {Last visited: 11/09/2020}
	}
@Misc{opener_stack,
	author = {{OpENer community}},
	title = {{OpENer - Open Source EtherNet/IP(TM) Communication Stack}},
	month = jan,
	year = {2020},
	howpublished = {http://eipstackgroup.github.io/OpENer/index.html},
	note = {Last visited: 11/09/2020}
	}
@Misc{opener_stm32,
	author = {{emb4fun}},
	title = {{emb4fun's OpENer patch homepage}},
	month = jan,
	year = {2020},
	howpublished = {https://www.emb4fun.de/archive/chibiosopener/index.html},
	note = {Last visited: 11/09/2020}
	}
@Misc{ecatstack_igh,
	author = {W. Hagemeister and Weber and R. Hacker and F. Pose}},
	title = {{Zusammenwachsen von Mess- und Automatisierungstechnik am Beispiel eines Airbus-Prüfstands}},
	month = nov,
	year = {2006},
	howpublished = {https://etherlab.org/download/slideshow_sps_vortrag.pdf},
	note = {Last visited: 11/09/2020}
	}
@Misc{sercos_stacks,
	author = {{Sercos}},
	title = {{Driver Software}},
	month = jan,
	year = {2020},
	howpublished = {https://www.sercos.org/technology/implementation/driver-software},
	note = {Last visited: 11/09/2020}
	}
@Misc{sercos_tsn,
	author = {{Sercos}},
	title = {{Ethernet TSN heralds a new era of industrial communication}},
	month = jan,
	year = {2018},
	howpublished = {https://www.sercos.org/technology/sercos-in-connection-with-tsn-opc-ua/sercos-in-connection-with-tsn/},
	note = {Last visited: 11/09/2020}
	}
%Applications
@inproceedings{opc_tsn_application,
	author = {{Pfrommer} and {Ebner} and {Ravikumar} and {Karunakaran}},
	year = {2018},
	month = {07},
	pages = {},
	title = {Open Source OPC UA PubSub over TSN for Realtime Industrial Communication},
	doi = {10.1109/ETFA.2018.8502479}
	}
@Misc{ecat_industrial,
	author = {M. {Norris}},
	title = {{A Cannabis Equipment Supplier Turns to Automation to Extract CBD at Commercial Scale}},
	month = aug,
	year = {2020},
	howpublished = {https://www.automationworld.com/home/article/21173096/a-cannabis-equipment-supplier-turns-to-automation-to-extract-cbd-at-commercial-scale},
	note = {Last visited: 14/09/2020}
	}
%SERCOS Application
@article{ecat_sercos,
	author = {Xing, Hu and Jia, Huan and Yanqianga, Liu},
	year = {2011},
	month = {12},
	pages = {749-753},
	title = {Motion Control System using SERCOS over EtherCAT},
	volume = {24},
	journal = {Procedia Engineering},
	doi = {10.1016/j.proeng.2011.11.2730}
	}
%EtherCAT in robotics applications
@article{ecat_xenomai,
	author = {Delgado, Raimarius and Choi, Byoungwook},
	year = {2017},
	month = {11},
	pages = {1179-1185},
	title = {Real-time Servo Control using EtherCAT Master on Real-time Embedded Linux Extensions},
	volume = {12},
	journal = {International Journal of Applied Engineering Research}
	}

@ARTICLE{ecat_motionplanning,  
	author={C. {Mastalli} and I. {Havoutis} and M. {Focchi} and D. G. {Caldwell} and C. {Semini}},  
	journal={IEEE Transactions on Robotics},   
	title={Motion Planning for Quadrupedal Locomotion: Coupled Planning, Terrain Mapping, and Whole-Body Control},   
	year={2020},  
	volume={},  
	number={},  
	pages={1-14},
	}
@Misc{hans_homepage,
	author = {{Han's Robot Germany}},
	title = {{Homepage}},
	month = sep,
	year = {2020},
	howpublished = {http://hansrobot.de/home},
	note = {Last visited: 16/09/2020}
	}

%Robot software
@incollection{middleware_industrial,
	author = {Sanghoon Ji and Donguk Yu and Hoseok Jung and Hong Seong Park},
	title = {Real-Time Robot Software Platform for Industrial Application},
	booktitle = {Industrial Robotics},
	publisher = {IntechOpen},
	address = {Rijeka},
	year = {2020},
	editor = {Antoni Grau and Zhuping Wang},
	chapter = {6},
	doi = {10.5772/intechopen.91014},
	url = {https://doi.org/10.5772/intechopen.91014}
	}

@INPROCEEDINGS{middleware_xbotcloud,  
	author={L. {Muratore} and B. {Lennox} and N. G. {Tsagarakis}},  
	booktitle={2018 IEEE/RSJ International Conference on Intelligent Robots and Systems (IROS)},   
	title={XBotCloud: A Scalable Cloud Computing Infrastructure for XBot Powered Robots},   
	year={2018},  
	volume={},  
	number={},  
	pages={1-9},
	}
@INPROCEEDINGS{middleware_xbotcore,  
	author={L. {Muratore} and A. {Laurenzi} and E. M. {Hoffman} and A. {Rocchi} and D. G. {Caldwell} and N. G. {Tsagarakis}},  
	booktitle={2017 First IEEE International Conference on Robotic Computing (IRC)},   
	title={XBotCore: A Real-Time Cross-Robot Software Platform},   
	year={2017},  
	volume={},  
	number={},  
	pages={77-80},
	}
%TSN in depth
@INPROCEEDINGS{tsn_and_sdn,  
	author={M. A. {Metaal} and R. {Guillaume} and R. {Steinmetz} and A. {Rizk}},  
	booktitle={2020 IFIP Networking Conference (Networking)},   
	title={Integrated Industrial Ethernet Networks: Time-sensitive Networking over SDN Infrastructure for mixed Applications},   
	year={2020},  
	volume={},  
	number={},  
	pages={803-808},
	}

%Hardware development
@Misc{infineon_esc,
	author = {{Infineon Technologies AG}},
	title = {{XMC4700 / XMC4800 Datasheet}},
	month = sep,
	year = {2018},
	howpublished = {https://www.infineon.com/cms/en/product/},
	note = {Last visited: 17/09/2020}
	}
@Misc{infineon_dramfine,
	author = {G. {Gross}},
	title = {{Infineon to pay 160M fine for DRAM price-fixing}},
	month = sep,
	year = {2004},
	howpublished = {https://www.computerworld.com/article/2566841/infineon-to-pay--160m-fine-for-dram-price-fixing.html},
	note = {Last visited: 17/09/2020}
	}
@TechReport{texasi_esc,
	title = {{EtherCAT on Sitara Processors}},
	author = {Maneesh {Soni}},
	institution = {Arm Microprocessor Group Texas Instruments},
	month = apr,
	year = {2020},
	url = {https://www.ti.com/product/AMIC110},
    note = {Last visited: 17/09/2020}
}
@Misc{beckhoff_esccomparison,
	author = {Beckhoff Automation GmbH},
	title = {{EtherCAT Slave Controller Overview}},
	month = jan,
	year = {2020},
	howpublished = {https://www.ethercat.org/en/downloads.html},
	note = {Last visited: 17/09/2020}
	}
